@book{moyu,
  author    = {摸鱼王教授},
  title     = {摸鱼学导论},
  publisher = {摸鱼出版社},
  address   = {南京},
  year      = {2025}
}