% --- reference.bib 文件示例 ---

% 期刊中的析出文献 [J] (对应标准 A.8 示例 [1])
@article{Yang2013,
  author  = {杨洪升},
  title   = {四库馆私家抄校书考略},
  journal = {文献},
  year    = {2013},
  number  = {1},
  pages   = {56-75},
}

% 期刊中的析出文献 [J/OL] (对应标准 4.4.2 示例 [3])
@article{Li2008,
  author  = {李炳穆},
  title   = {韩国图书馆法},
  journal = {图书情报工作},
  year    = {2008},
  volume  = {52},
  number  = {6},
  pages   = {6-12},
  date    = {2013-10-25}, % 引用日期
  url     = {http://www.docin.com/p-400265742.html},
}

% 普通图书 [M] (对应标准 A.1 示例 [1])
@book{Zhang2002,
  author    = {张伯伟},
  title     = {全唐五代诗格会考},
  publisher = {江苏古籍出版社},
  address   = {南京},
  year      = {2002},
  pages     = {288},
}

% 专著中的析出文献 [M] (对应标准 A.7 示例 [2])
@incollection{Bai1998,
  author    = {白书农},
  title     = {植物开花研究},
  booktitle = {植物科学进展},
  editor    = {李承森},
  publisher = {高等教育出版社},
  address   = {北京},
  year      = {1998},
  pages     = {146-163},
}

% 学位论文 [D] (对应标准 A.4 示例 [1])
@phdthesis{Ma2011,
  author  = {马欢},
  title   = {人类活动影响下海河流域典型区水循环变化分析},
  school  = {清华大学},
  address = {北京},
  year    = {2011},
  pages   = {27},
  date    = {2013-10-14},
  url     = {http://www.cnki.net/kcms/detail/detail.aspx?dbcode=CDFD&QueryID=...},
}

% 专利文献 [P] (对应标准 4.5.2 示例 [1])
@patent{Deng2006,
  author    = {邓一刚},
  title     = {全智能节电器},
  number    = {200610171314.3},
  type      = {P}, % 使用 type 字段
  pubstate  = {P}, % P 表示专利
  year      = {2006},
  month     = {12},
  day       = {13},
}